@manual{sample,
  author = {TU Dortmund},
  title = {Versuchsanleitung - Spulen und Magnetfelder},
}
